<?xml version="1.0" encoding="UTF-8"?><collection xmlns="http://www.loc.gov/MARC21/slim"><record><leader>00564nam--2200169-u-4500</leader><controlfield tag="001">000054679</controlfield><controlfield tag="002">20161230</controlfield><controlfield tag="005">20161230201051</controlfield><controlfield tag="008">120515s1000------------r-----000-0-eng-d</controlfield><datafield ind1=" " ind2=" " tag="040"><subfield code="a">IFIN-HH</subfield></datafield><datafield ind1=" " ind2=" " tag="080"><subfield code="a">539.16(043)</subfield></datafield><datafield ind1="1" ind2=" " tag="100"><subfield code="a">Goudsmit, Pieter Frank Arnold</subfield></datafield><datafield ind1="1" ind2="0" tag="245"><subfield code="a">Properties of the deformed nuclides produced i the decay of 166ho, 166mho, 166tm, 166yb, 180os, 180re, 181os and 181mos, and by capture of thermal neutrinos in 181ta</subfield></datafield><datafield ind1=" " ind2=" " tag="260"><subfield code="a">Amsterdam</subfield><subfield code="b">Universiteit</subfield><subfield code="c">1969</subfield></datafield><datafield ind1=" " ind2=" " tag="300"><subfield code="a">151P</subfield></datafield><datafield ind1=" " ind2=" " tag="852"><subfield code="a">77929</subfield><subfield code="c">539.16</subfield></datafield><datafield ind1=" " ind2=" " tag="CAT"><subfield code="a">Sys</subfield><subfield code="c">20120515</subfield><subfield code="h">172222</subfield></datafield></record></collection>